<?xml version="1.0" encoding="UTF-8"?><record xmlns="http://www.loc.gov/MARC21/slim" xmlns:cinclude="http://apache.org/cocoon/include/1.0" xmlns:zs="http://www.loc.gov/zing/srw/">
  <leader>00524cz  a2200121n  4500</leader>
  <controlfield tag="001">n 2001028329</controlfield>
  <controlfield tag="003">DLC</controlfield>
  <controlfield tag="005">20010410090732.0</controlfield>
  <controlfield tag="008">010409n| acannaabn          |n aaa      </controlfield>
  <datafield tag="010" ind1=" " ind2=" ">
    <subfield code="a">n 2001028329</subfield>
  </datafield>
  <datafield tag="040" ind1=" " ind2=" ">
    <subfield code="a">DLC</subfield>
    <subfield code="b">eng</subfield>
    <subfield code="c">DLC</subfield>
  </datafield>
  <datafield tag="100" ind1="1" ind2=" ">
    <subfield code="a">Benda, Ana,</subfield>
    <subfield code="d">1946-</subfield>
  </datafield>
  <datafield tag="670" ind1=" " ind2=" ">
    <subfield code="a">Benda, Ana. Un destino de Dios, c2000:</subfield>
    <subfield code="b">t.p. (Ana Benda) flaps (b. 1946 in Buenos Aires; poet and essayist; professor of political science and international relations at Universidad de Belgrano; professor of Spanish Barroque literature at Universidad del Salvador)</subfield>
  </datafield>
</record>